<?xml version="1.0" encoding="UTF-8"?><collection xmlns="http://www.loc.gov/MARC21/slim"><record><leader>00455nam--2200169-i-4500</leader><controlfield tag="001">000027806</controlfield><controlfield tag="002">20161230</controlfield><controlfield tag="005">20161230201037</controlfield><controlfield tag="008">060222s1000------------r-----000-0-eng-d</controlfield><datafield ind1=" " ind2=" " tag="040"><subfield code="a">IFIN-HH</subfield></datafield><datafield ind1=" " ind2=" " tag="080"><subfield code="a">621</subfield></datafield><datafield ind1="1" ind2=" " tag="100"><subfield code="a">Laughlin, John S</subfield></datafield><datafield ind1="1" ind2="0" tag="245"><subfield code="a">Physical aspects of betatron therapy</subfield><subfield code="c">John s. laughlin</subfield></datafield><datafield ind1=" " ind2=" " tag="260"><subfield code="a">Springfield-illinois</subfield><subfield code="b">Charles C.Thomas</subfield><subfield code="c">1954</subfield></datafield><datafield ind1=" " ind2=" " tag="300"><subfield code="a">XIV + 98P</subfield></datafield><datafield ind1=" " ind2=" " tag="852"><subfield code="a">14870</subfield><subfield code="c">621.384.6</subfield></datafield><datafield ind1=" " ind2=" " tag="CAT"><subfield code="a">Sys</subfield><subfield code="c">20150216</subfield><subfield code="h">205943</subfield></datafield></record></collection>